@MISC {REF_OGD_AND_IMPACT,
    author       = "Felipe I. Heusser",
    title        = "Understanding Open Government Data and addressing its Impact",
    howpublished = "Open Data Research Network \url{http://www.opendataresearch.org/reports}",
    note         = "Acessado em 09/11/2015"
}

@unpublished {REF_ART_5_STARS,
    author      = "Tim Berners-Lee",
    title       = "Open, Linked Data for a Global Community",
    note        = "Gov 2.0 Expo, Washington",
    year        = "2010"
}

@projetofinal {REF_MONO_BUUS,
  author        = "André Tadashi Eurico Ikeda",
  title         = "Inovação no Serviço Público através de Dados Abertos: Um Estudo de Caso do Buus",
  year          = "2015",
  school        = "Universidade Federal do Rio de Janeiro",
  address       = "Rio de Janeiro"
}

@MISC {REF_OPEN_DEFINITION,
    author       = "{Open Knowledge Foundation}",
    title        = "The Open Definition - Defining Open in Open Data, Open Content and Open Knowledge",
    howpublished = "\url{http://opendefinition.org}",
    note         = "Acessado em 13/10/2015"
}

@MISC {REF_OPEN_SOURCE,
    author       = "Luiz Antonio da Silva Junior",
    title        = "O movimento do código aberto",
    howpublished = "\url{https://www.vivaolinux.com.br/artigo/O-movimento-do-codigo-aberto}",
    month        = oct,
    year         = 2009,
    note         = "Acessado em 26/12/2015"
}

@MISC{REF_OGD_PRINCIPLES,
    author       = "{Open Government Working Group}",
    title        = "The Annotated 8 Principles of Open Government Data",
    howpublished = "\url{http://opengovdata.org}",
    note         = "Acessado em 13/10/2015"
}

@inproceedings {riobus_sc,
    author      = "Marco Elisio Oliveira Jardim and Frederico Antonio Moreira de Souza",
    title       = "RioBus",
    organization = "1ª Semana da Computação",
    publisher = "Universidade Federal do Rio de Janeiro",
    address     = "Rio de Janeiro",
    year        = "2015"
}

@MISC {REF_RIOBUS_WEB,
    author       = "{Rio Bus}",
    title        = "Rio Bus",
    howpublished = "\url{http://riob.us}",
    note         = "Acessado em 02/11/2016"
}

@MISC {REF_RIOBUS_ANDROID,
    author       = "{Tormenta Labs}",
    title        = "Rio Bus - Android Apps on Google Play",
    howpublished = "\url{https://play.google.com/store/apps/details?id=com.tormentaLabs.riobus}",
    note         = "Acessado em 02/11/2016"
}

@MISC {REF_RIOBUS_IOS,
    author       = "Mario Alberto Cecchi Raduan",
    title        = "Rio Bus - Acompanhe os ônibus do Rio em tempo real",
    howpublished = "\url{https://itunes.apple.com/br/app/rio-bus-acompanhe-os-onibus/id884914334?mt=8}",
    note         = "Acessado em 02/11/2016"
}

@MISC {REF_MONGODB,
    author       = "{MongoDB, Inc}",
    title        = "MongoDB for GIANT Ideas | MongoDB",
    howpublished = "\url{https://www.mongodb.com}",
    note         = "Acessado em 02/11/2016"
}

@MISC {REF_BIGQUERY,
    author       = "{Google Inc.}",
    title        = "BigQuery - Analytics Data Warehouse | Google Cloud Platform",
    howpublished = "\url{https://cloud.google.com/bigquery/}",
    note         = "Acessado em 02/11/2016"
}

@MISC {REF_HTML,
    author       = "{World Wide Web Consortium - W3C}",
    title        = "W3C HTML",
    howpublished = "\url{https://www.w3.org/html/}",
    note         = "Acessado em 02/11/2016"
}

@MISC {REF_JAVASCRIPT,
    author       = "{Mozilla Developer Network}",
    title        = "JavaScript | MDN",
    howpublished = "\url{https://developer.mozilla.org/en-US/docs/Web/JavaScript}",
    note         = "Acessado em 02/11/2016"
}

@MISC {REF_NODEJS,
    author       = "{Node.js Foundation}",
    title        = "Node.js",
    howpublished = "\url{https://nodejs.org/}",
    note         = "Acessado em 02/11/2016"
}

@MISC {REF_NODEJS_PROTOTYPING,
    author       = "Chris Webb",
    title        = "Express.js and Node.js as a prototyping medium",
    howpublished = "\url{http://blog.mediumequalsmessage.com/understanding-expressjs-and-nodejs-as-a-medium-for-prototyping}",
    note         = "Acessado em 02/11/2016"
}

@MISC {noticia_centro_mudancas,
    author       = "G1",
    title        = "Reabertura da Av. Rio Branco altera itinerário de 180 linhas de ônibus
",
    howpublished = "\url{http://g1.globo.com/rio-de-janeiro/noticia/2016/05/reabertura-da-av-rio-branco-altera-itinerario-de-180-linhas-de-onibus.html}",
    month        = may,
    year         = 2016,
    note         = "Acessado em 02/11/2016"
}

@MISC {noticia_racionalizacao,
    author       = "G1",
    title        = "Começam em julho mudanças nas linhas de ônibus da Zona Sul do Rio",
    howpublished = "\url{http://g1.globo.com/rio-de-janeiro/noticia/2015/03/comecam-em-julho-mudancas-nas-linhas-de-onibus-da-zona-sul-do-rio.html}",
    month        = mar,
    year         = 2015,
    note         = "Acessado em 02/11/2016"
}

@MISC {cpi_dos_onibus,
    author       = "Eliomar Coelho",
    title        = "CPI dos Ônibus - Como funciona a CPI",
    howpublished = "\url{http://cpidosonibus.com.br/site/como-funciona-a-cpi.html}",
    note         = "Acessado em 02/11/2016"
}

@MISC {data.rio,
    author       = "{Prefeitura da Cidade do Rio de Janeiro}",
    title        = "Dados Rio",
    howpublished = "\url{http://data.rio}",
    note         = "Acessado em 06/07/2016"
}

@MISC {ideal_324,
    author       = "{Viação Ideal}",
    title        = "324 - Ribeira - Candelária",
    howpublished = "\url{http://www.viacaoideal.com.br/?p=502}",
    note         = "Acessado em 03/11/2016"
}

@MISC {heatmap,
    author       = "Ujaval Gandhi",
    title        = "Criando Mapas de Calor - QGIS Tutorials and Tips",
    howpublished = "\url{http://www.qgistutorials.com/pt_BR/docs/creating_heatmaps.html}",
    note         = "Acessado em 03/11/2016"
}